@article{Abe:2015biq,
      author         = "Abe, K. and others",
      title          = "{Measurement of the muon neutrino inclusive
                        charged-current cross section in the energy range of
                        13 GeV with the T2K INGRID detector}",
      collaboration  = "T2K",
      journal        = "Phys. Rev.",
      volume         = "D93",
      year           = "2016",
      number         = "7",
      pages          = "072002",
      doi            = "10.1103/PhysRevD.93.072002",
      eprint         = "1509.06940",
      archivePrefix  = "arXiv",
      primaryClass   = "hep-ex",
      SLACcitation   = "%%CITATION = ARXIV:1509.06940;%%"
}